<?xml version="1.0" encoding="UTF-8"?><collection xmlns="http://www.loc.gov/MARC21/slim"><record><leader>00498nam--2200181-u-4500</leader><controlfield tag="001">000050549</controlfield><controlfield tag="002">20161230</controlfield><controlfield tag="005">20161230201048</controlfield><controlfield tag="008">070911s1000------------r-----000-0-eng-d</controlfield><datafield ind1=" " ind2=" " tag="040"><subfield code="a">IFIN-HH</subfield></datafield><datafield ind1=" " ind2=" " tag="041"><subfield code="a">rus</subfield></datafield><datafield ind1="1" ind2=" " tag="100"><subfield code="a">Luzina,N.N</subfield></datafield><datafield ind1="1" ind2="0" tag="245"><subfield code="a">Ortogonalnye Ryady i Priblizhenie Funtsii</subfield></datafield><datafield ind1=" " ind2=" " tag="260"><subfield code="a">Moskva</subfield><subfield code="b">Izdatelstvo Nauka</subfield><subfield code="c">1983</subfield></datafield><datafield ind1=" " ind2=" " tag="300"><subfield code="a">243 p</subfield></datafield><datafield ind1=" " ind2=" " tag="490"><subfield code="a">Trudy Ordena Lenina Matematicheskogo Instituta Imeni V.A.Steklova</subfield><subfield code="v">Vol.CLXIV</subfield></datafield><datafield ind1=" " ind2=" " tag="852"><subfield code="c">51</subfield></datafield><datafield ind1=" " ind2=" " tag="CAT"><subfield code="a">Sys</subfield><subfield code="c">20070911</subfield><subfield code="h">103129</subfield></datafield></record></collection>